<?xml version="1.0" encoding="UTF-8"?><collection xmlns="http://www.loc.gov/MARC21/slim"><record><leader>00353nam--2200121-i-4500</leader><controlfield tag="001">000021389</controlfield><controlfield tag="002">20161230</controlfield><controlfield tag="005">20161230201034</controlfield><controlfield tag="008">060222s1000------------r-----000-0-eng-d</controlfield><datafield ind1=" " ind2=" " tag="080"><subfield code="a">621.913.3</subfield></datafield><datafield ind1=" " ind2=" " tag="245"><subfield code="a">Indrumator practic pentru exploatarea si repararea masinilor de mortezat</subfield></datafield><datafield ind1=" " ind2=" " tag="260"><subfield code="a">Bucuresti, Inst. De Documentare Tehnica, 1952. 66p</subfield></datafield><datafield ind1=" " ind2=" " tag="852"><subfield code="a">26271</subfield></datafield></record></collection>